@book{hansen2021computed,
	title = {Computed tomography: algorithms, insight, and just enough
	         theory},
	author = {Hansen, Per Christian and J{\o}rgensen, Jakob and Lionheart,
	          William RB},
	year = {2021},
	publisher = {SIAM},
}


@online{colorized,
	title = {Better Explained},
	howpublished = {\url{
	                https://betterexplained.com/articles/intuitive-convolution/
	                }},
	note = {Accessed on April 2023},
}
@online{recipe,
	title = {LibreTexts MATHEMATICS},
	howpublished = {\url {
	                https://math.libretexts.org/Bookshelves/Linear_Algebra/Interactive_Linear_Algebra_(Margalit_and_Rabinoff)/06%3A_Orthogonality/6.5%3A_The_Method_of_Least_Squares
	                }},
	note = {Accessed on April 2023},
}
@misc{cone_beam_ct,
	title = {FDA},
	howpublished = {\url{
	                https://www.fda.gov/radiation-emitting-products/medical-x-ray-imaging/dental-cone-beam-computed-tomography
	                }},
	note = {Accessed: April 2023},
}

@misc{pet_scan,
	title = {Positron Emission Tomography Scan},
	howpublished = {\url{
	                https://my.clevelandclinic.org/health/diagnostics/10123-pet-scan
	                }},
	note = {Accessed: April 2023},
}

@misc{tem,
	title = {Transmission Electron Microscope},
	howpublished = {\url{ https://uwaterloo.ca/metrology/tem-stem }},
	note = {Accessed: April 2023},
}

@misc{synchrotron,
	title = {Diamond Light Source: the UKâ€™s national synchrotron},
	howpublished = {\url{ https://www.diamond.ac.uk/Home/About.html }},
	note = {Accessed: April 2023},
}


